@MISC{WEBSITE:1,
AUTHOR="baeldung",
YEAR={2021},
TITLE={A Guide to Java Profilers},
HOWPUBLISHED={\url{https://www.baeldung.com/java-profilers}},
Note={ Letzter Zugriff: 17.12.2021}
},
@misc{WEBSITE:2,
  author       = "ej technologies",
  title        = {JProfiler Overview},
  howpublished = {\url{https://www.ej-technologies.com/products/jprofiler/overview.html}},
  year         = {2021},
  Note={ Letzter Zugriff: 17.12.2021}
},
@misc{WEBSITE:3,
  author       = {Simon Maple},
  title        = {Top 5 Java Profilers Revealed},
  howpublished = {\url{https://www.jrebel.com/blog/top-5-java-profilers}},
  year         = {2015},
  month        = {November},
  Note={ Letzter Zugriff: 17.12.2021}
},
@misc{WEBSITE:4,
  author       = {YourKit GmbH},
  title        = {YourKit Java Profiler Features},
  howpublished = {\url{https://www.yourkit.com/java/profiler/}},
  year         = {2021},
  Note={ Letzter Zugriff: 17.12.2021}
}
@misc{WEBSITE:5,
  author       = {Jiri Sedlacek, Tomas Hurka},
  title        = {VisualVM},
  howpublished = {\url{https://visualvm.github.io/features.html}},
  year         = {2021},
  Note={ Letzter Zugriff: 17.12.2021}
}
@misc{WEBSITE:6,
  author       = {ThurnerRupert et all},
  title        = {Process identifier},
  howpublished = {\url{https://de.wikipedia.org/wiki/Process_identifier}},
  year         = {2021},
  Note={ Letzter Zugriff: 17.12.2021}
}